<record><leader>00000cas a22000007a 4500</leader><controlfield tag="001">12032692</controlfield><controlfield tag="008">850514d19uu1956wiuwr ne      0    0eng d</controlfield><datafield ind1=" " ind2=" " tag="010"><subfield code="a">sn 85040597 </subfield></datafield><datafield ind1=" " ind2=" " tag="040"><subfield code="a">NPV</subfield><subfield code="b">eng</subfield><subfield code="c">NPV</subfield><subfield code="d">OCLCQ</subfield></datafield><datafield ind1=" " ind2=" " tag="042"><subfield code="a">msc</subfield></datafield><datafield ind1="0" ind2="0" tag="245"><subfield code="a">Highland press.</subfield></datafield><datafield ind1=" " ind2=" " tag="260"><subfield code="a">Highland, Wis., Iowa County :</subfield><subfield code="b">[G.W. Dilley],</subfield><subfield code="c">-1956.</subfield></datafield><datafield ind1=" " ind2=" " tag="300"><subfield code="a">v.</subfield></datafield><datafield ind1=" " ind2=" " tag="310"><subfield code="a">Weekly</subfield></datafield><datafield ind1="0" ind2=" " tag="362"><subfield code="a">-v. 59, no. 37 (Sept. 21, 1956).</subfield></datafield><datafield ind1=" " ind2=" " tag="515"><subfield code="a">Suspended publication: Sept. 13, 1946?-Mar. 7, 1947; Feb.-Aug. 1949.</subfield></datafield><datafield ind1=" " ind2=" " tag="588"><subfield code="a">Description based on: Vol. 48, no. 37 (Sept. 21, 1956).</subfield></datafield><datafield ind1=" " ind2=" " tag="752"><subfield code="a">United States</subfield><subfield code="b">Wisconsin</subfield><subfield code="c">Iowa</subfield><subfield code="d">Highland.</subfield></datafield><datafield ind1="0" ind2="4" tag="785"><subfield code="t">Muscoda progressive (Muscoda, Wis. : 1920)</subfield><subfield code="w">(DLC)sn 87082035</subfield></datafield></record>